<record><leader>00000cas a22000007a 4500</leader><controlfield tag="001">14191350</controlfield><controlfield tag="008">860908d19121920txuwr ne      0    0eng d</controlfield><datafield ind1=" " ind2=" " tag="010"><subfield code="a">sn 86088804 </subfield></datafield><datafield ind1=" " ind2=" " tag="040"><subfield code="a">PPM</subfield><subfield code="b">eng</subfield><subfield code="c">PPM</subfield><subfield code="d">TXJ</subfield><subfield code="d">OCLCQ</subfield><subfield code="d">OCLCF</subfield><subfield code="d">OCLCO</subfield></datafield><datafield ind1=" " ind2=" " tag="042"><subfield code="a">msc</subfield></datafield><datafield ind1=" " ind2=" " tag="043"><subfield code="a">n-us-tx</subfield></datafield><datafield ind1="0" ind2="4" tag="245"><subfield code="a">The Kerrville advance.</subfield></datafield><datafield ind1=" " ind2=" " tag="260"><subfield code="a">Kerrville, Tex. :</subfield><subfield code="b">T.A. Buckner</subfield></datafield><datafield ind1=" " ind2=" " tag="300"><subfield code="a">v. :</subfield><subfield code="b">ill.</subfield></datafield><datafield ind1=" " ind2=" " tag="310"><subfield code="a">Weekly</subfield></datafield><datafield ind1="1" ind2=" " tag="362"><subfield code="a">Began in 1912.</subfield></datafield><datafield ind1=" " ind2=" " tag="580"><subfield code="a">Merged with: Kerrville mountain sun, to form: Kerrville mountain sun and advance.</subfield></datafield><datafield ind1=" " ind2=" " tag="588"><subfield code="a">Description based on: Vol. 1, no. 8 (Dec. 5, 1912).</subfield></datafield><datafield ind1=" " ind2="0" tag="651"><subfield code="a">Kerrville (Tex.)</subfield><subfield code="v">Newspapers.</subfield></datafield><datafield ind1=" " ind2="7" tag="655"><subfield code="a">Newspapers.</subfield><subfield code="2">fast</subfield><subfield code="0">(OCoLC)fst01423814</subfield></datafield><datafield ind1=" " ind2="7" tag="651"><subfield code="a">Texas</subfield><subfield code="z">Kerrville.</subfield><subfield code="2">fast</subfield><subfield code="0">(OCoLC)fst01208089</subfield></datafield><datafield ind1=" " ind2=" " tag="752"><subfield code="a">United States</subfield><subfield code="b">Texas</subfield><subfield code="c">Winkler</subfield><subfield code="d">Kerrville.</subfield></datafield><datafield ind1="1" ind2="7" tag="785"><subfield code="t">Kerrville mountain sun</subfield></datafield><datafield ind1="1" ind2="7" tag="785"><subfield code="t">Kerrville mountain sun and advance</subfield></datafield></record>